<?xml version="1.0" encoding="UTF-8"?><collection xmlns="http://www.loc.gov/MARC21/slim"><record><leader>00374nam--2200121-i-4500</leader><controlfield tag="001">000002152</controlfield><controlfield tag="002">20161230</controlfield><controlfield tag="005">20161230201024</controlfield><controlfield tag="008">060222s1000------------r-----000-0-eng-d</controlfield><datafield ind1=" " ind2=" " tag="100"><subfield code="a">Goldschmidt, V.M</subfield></datafield><datafield ind1=" " ind2=" " tag="245"><subfield code="a">Geochemische vertilungsgesetze der elemente. die mengenverhaltnisse der elemente und der atom-arten</subfield></datafield><datafield ind1=" " ind2=" " tag="260"><subfield code="a">Oslo, Jacob Dybwad, 1927, 1938. 148 P</subfield></datafield><datafield ind1=" " ind2=" " tag="852"><subfield code="a">10242</subfield></datafield></record></collection>